<?xml version="1.0" encoding="UTF-8"?><collection xmlns="http://www.loc.gov/MARC21/slim"><record><leader>00477nam--2200169-i-4500</leader><controlfield tag="001">000027133</controlfield><controlfield tag="002">20161230</controlfield><controlfield tag="005">20170127193729</controlfield><controlfield tag="008">060222s1000------------r-----000-0-eng-d</controlfield><datafield ind1=" " ind2=" " tag="080"><subfield code="a">550.34:551.24</subfield></datafield><datafield ind1=" " ind2=" " tag="100"><subfield code="a">Sulstarova, Eduard</subfield></datafield><datafield ind1=" " ind2=" " tag="245"><subfield code="a">Rajonizimi sizmik republikes popullore socialiste te shqiperise</subfield></datafield><datafield ind1=" " ind2=" " tag="260"><subfield code="a">Tirana</subfield><subfield code="b">Akademia E Shkencave Te RPSSH</subfield><subfield code="c">1980</subfield></datafield><datafield ind1=" " ind2=" " tag="300"><subfield code="a">197 p.+ 1 Harta</subfield></datafield><datafield ind1=" " ind2=" " tag="700"><subfield code="a">Aliaj, Shyqyri</subfield></datafield><datafield ind1=" " ind2=" " tag="852"><subfield code="a">48468</subfield></datafield><datafield ind1=" " ind2=" " tag="CAT"><subfield code="a">SYS</subfield><subfield code="c">20170127</subfield><subfield code="h">193729</subfield></datafield></record></collection>